@misc{DElia1998,
    title = {{Kognitiv terapi har visat god effekt pa panikangest}},
    year = {1998},
    booktitle = {Lakartidningen},
    author = {d'Elia, G and Holsten, F},
    number = {44},
    pages = {4869--4872},
    volume = {95},
    isbn = {0894-0282},
    doi = {10.16373/j.cnki.ahr.150049},
    issn = {00237205},
    pmid = {22352717}
}

@article{Bollum1967,
    title = {{[143] Deoxynucleotide polymerizing enzymes from calf thymus gland}},
    year = {1967},
    journal = {Methods in Enzymology},
    author = {Bollum, F. J.},
    number = {PART B},
    pages = {591--611},
    volume = {12},
    doi = {10.1016/0076-6879(67)12172-1},
    issn = {00766879}
}

@article{Chang1986,
    title = {{Molecular biology of terminal transferase.}},
    year = {1986},
    journal = {CRC critical reviews in biochemistry},
    author = {Chang, L M and Bollum, F J},
    number = {1},
    pages = {27--52},
    volume = {21},
    url = {http://www.ncbi.nlm.nih.gov/pubmed/3524991},
    isbn = {1040923860},
    doi = {10.3109/10409238609113608},
    issn = {0045-6411},
    pmid = {3524991},
    keywords = {Affinity, Amino Acid Sequence, Animals, Antibody Formation, Base Sequence, Cattle, Cellular, Chromatography, Chromosome Mapping, Cloning, DNA, DNA Nucleotidylexotransferase, DNA Nucleotidylexotransferase: isolation {\&} purific, DNA Nucleotidylexotransferase: metabolism, DNA Nucleotidylexotransferase: physiology, DNA Nucleotidyltransferases, DNA Nucleotidyltransferases: isolation {\&} purificat, DNA Nucleotidyltransferases: metabolism, DNA Nucleotidyltransferases: physiology, DNA: isolation {\&} purification, Escherichia coli, Escherichia coli: enzymology, Escherichia coli: genetics, Humans, Immunity, Lymphocytes, Lymphocytes: enzymology, Mice, Molecular, Molecular Weight, Molecular: methods, Oligodeoxyribonucleotides, Oligodeoxyribonucleotides: biosynthesis, Polydeoxyribonucleotides, Polydeoxyribonucleotides: biosynthesis, Recombinant, Recombinant: diagnostic use, Thymus Gland, Thymus Gland: enzymology}
}

@misc{hyman1997method,
    title = {{Method for enzymatic synthesis of oligonucleotides}},
    year = {1997},
    author = {Hyman, E D},
    publisher = {Google Patents},
    url = {https://www.google.com/patents/US5602000}
}

@article{Anderson1987,
    title = {{Genetic relatedness of human DNA polymerase beta and terminal deoxynucleotidyltransferase.}},
    year = {1987},
    journal = {Gene},
    author = {Anderson, Ross S and Lawrence, C B and Wilson, Samuel H and Beattie, K L},
    number = {2-3},
    pages = {163--73},
    volume = {60},
    url = {http://www.ncbi.nlm.nih.gov/pubmed/3443300},
    issn = {0378-1119},
    pmid = {3443300},
    keywords = {Amino Acid Sequence, Biological Evolution, Computers, DNA Nucleotidylexotransferase, DNA Nucleotidylexotransferase: genetics, DNA Nucleotidyltransferases, DNA Nucleotidyltransferases: genetics, DNA Polymerase I, DNA Polymerase I: genetics, Humans, Molecular Sequence Data, Monte Carlo Method, Nucleic Acid, Sequence Homology, Time Factors}
}

@article{Badala2008,
    title = {{NIH Public Access}},
    year = {2008},
    journal = {Computer},
    author = {Badal{\`{a}}, Federico and Nouri-mahdavi, Kouros and Raoof, Duna A},
    number = {5},
    pages = {724--732},
    volume = {144},
    isbn = {6176321972},
    doi = {10.1038/jid.2014.371},
    issn = {15378276},
    pmid = {1000000221},
    arxivId = {NIHMS150003},
    keywords = {dna polymerization, fidelity, nucleotide, recombination, template-independent dna synthesis}
}

@book{Gait,
    title = {{Oligonucleotide Synthesis: A Practical Approach (The Practical Approach Series)}},
    author = {Gait, M. J.},
    isbn = {0904147746}
}

@book{Gassen1982,
    title = {{Chemical and enzymatic synthesis of gene fragments : a laboratory manual}},
    year = {1982},
    author = {Gassen, H G and Lang, Anne and {European Molecular Biology Organization.}},
    pages = {x, 249 p.},
    isbn = {3527260633},
    keywords = {Cell cycle., Deoxyribonucleic acid synthesis., Genes, Synthetic laboratory manuals., Genetic Technics., Genetic engineering Handbooks, manuals, etc., Genetic recombination Handbooks, manuals, etc., Genetics., Oligonucleotides chemical synthesis laboratory man}
}

@article{Bentolila1995,
    title = {{The two isoforms of mouse terminal deoxynucleotidyl transferase differ in both the ability to add N regions and subcellular localization}},
    year = {1995},
    journal = {Embo J},
    author = {Bentolila, L A and Fanton d'Andon, M and Nguyen, Q T and Martinez, O and Rougeon, F and Doyen, N},
    number = {17},
    pages = {4221--4229},
    volume = {14},
    issn = {0261-4189},
    pmid = {7556063},
    keywords = {*Alternative Splicing, Animals, B-Lymphocytes/enzymology, Base Sequence, Bone Marrow/*enzymology, Cell Line, Cercopithecus aethiops, DNA Nucleotidylexotransferase/biosynthesis/*metabo, DNA Primers, Hematopoietic Stem Cells/enzymology, Isoenzymes/biosynthesis/*metabolism, Kinetics, Mice, Molecular Sequence Data, Polymerase Chain Reaction, RNA, Messenger/biosynthesis, Recombinant Proteins/metabolism, Subcellular Fractions/enzymology, Support, Non-U.S. Gov't, Thymus Gland/*enzymology, Transfection}
}

@article{Ramadan2004a,
    title = {{The DNA-polymerase-X family: controllers of DNA quality?}},
    year = {2004},
    journal = {Nature reviews. Molecular cell biology},
    author = {Ramadan, Kristijan and Shevelev, Igor and H{\"{u}}bscher, Ulrich},
    number = {12},
    pages = {1038--1043},
    volume = {5},
    doi = {10.1038/nrm1530},
    issn = {1471-0072},
    pmid = {15573140}
}

@article{Ramadan2004,
    title = {{De Novo DNA synthesis by human DNA polymerase {$\lambda$}, DNA polymerase {$\mu$} and terminal deoxyribonucleotidyl transferase}},
    year = {2004},
    journal = {Journal of Molecular Biology},
    author = {Ramadan, Kristijan and Shevelev, Igor V. and Maga, Giovanni and H{\"{u}}bscher, Ulrich},
    number = {2},
    pages = {395--404},
    volume = {339},
    doi = {10.1016/j.jmb.2004.03.056},
    issn = {00222836},
    pmid = {15136041},
    keywords = {DNA polymerase {$\lambda$}, DNA polymerase {$\mu$}, DNA repair, TdT, terminal deoxyribonucleotidyl transferase, WCE, whole calf thymus extract, de novo DNA synthesis, pol, polymerase, ss, single-stranded, terminal deoxyribonucleotidyl transferase}
}

@article{Arzumanov2000,
    title = {{Terminal deoxynucleotidyl transferase catalyzes the reaction of DNA phosphorylation.}},
    year = {2000},
    journal = {Nucleic acids research},
    author = {Arzumanov, Andrey A and Victorova, L S and Jasko, M V and Yesipov, D S and Krayevsky, A A},
    number = {5},
    pages = {1276--81},
    volume = {28},
    url = {http://www.pubmedcentral.nih.gov/articlerender.fcgi?artid=102600&tool=pmcentrez&rendertype=abstract%5Cnhttp://www.ncbi.nlm.nih.gov/pubmed/10666473%5Cnhttp://www.pubmedcentral.nih.gov/articlerender.fcgi?artid=PMC102600},
    issn = {1362-4962},
    pmid = {10666473},
    keywords = {DNA, DNA Nucleotidylexotransferase, DNA Nucleotidylexotransferase: metabolism, DNA: metabolism, Humans, Phosphorylation, Substrate Specificity}
}

@article{Bhattacharyya1975,
    title = {{Terminal deoxyribonucleotidyl transferase in human leukemia}},
    year = {1975},
    journal = {Biochemical and Biophysical Research Communications},
    author = {Bhattacharyya, Jit R.},
    number = {2},
    pages = {367--375},
    volume = {62},
    doi = {10.1016/S0006-291X(75)80148-3},
    issn = {10902104},
    pmid = {4530991}
}

@book{YuryE.Khudyakov,
    title = {{Artificial DNA: Methods and Applications}},
    author = {{Yury E. Khudyakov}},
    publisher = {CRC Press},
    isbn = {0849314267}
}

@article{Summary2011,
    title = {{Screening Framework Guidance for Providers of Synthetic Double-Stranded DNA}},
    year = {2011},
    journal = {Biotechnology Law Report},
    author = {Summary, I},
    pages = {243--257},
    volume = {30},
    doi = {10.1089/blr.2011.9969},
    issn = {0730-031X}
}

@article{Phosphate1983,
    title = {{Terminal Deoxynucleotidyl Transferase Terminal Deoxynucleotidyl Transferase}},
    year = {1983},
    author = {Phosphate, Potassium},
    number = {10},
    pages = {8--11},
    volume = {2},
    doi = {10.1016/S1874-6047(08)60137-7},
    issn = {1874-6047}
}

@article{uvWaterAbs,
    title = {{The Ultraviolet Absorption Spectrum of Liquid Water}},
    year = {1980},
    journal = {The Journal of Chemical Physics},
    author = {Quickenden, T. I. and Irvin, J. A.},
    number = {8},
    pages = {4416--4428},
    volume = {72},
    url = {http://aip.scitation.org/doi/10.1063/1.439733},
    doi = {10.1063/1.439733},
    issn = {0021-9606}
}

@article{etbrSpec,
    title = {{Ethidium bromide}},
    author = {{Sigma}}
}

@article{sybrGreenI,
    title = {{SYBR {\textregistered} Green I Nucleic Acid Gel Stain}},
    year = {2006},
    journal = {Molecular Probes},
    author = {{Invitrogen}},
    pages = {1--6},
    url = {https://tools.thermofisher.com/content/sfs/manuals/mp07567.pdf}
}

@article{Phosphate1983TerminalTransferase,
    title = {{Terminal Deoxynucleotidyl Transferase Terminal Deoxynucleotidyl Transferase}},
    year = {1983},
    author = {Phosphate, Potassium},
    pages = {8--11},
    volume = {2},
    doi = {10.1016/S1874-6047(08)60137-7},
    issn = {1874-6047}
}

@article{Srivastava1980BiochemistryActivity.,
    title = {{Biochemistry of terminal deoxynucleotidyltransferase: identification, characterization, requirements, and active-site involvement in the catalysis of associated pyrophosphate exchange and pyrophosphorolytic activity.}},
    year = {1980},
    journal = {Biochemistry},
    author = {Srivastava, a and Modak, M J},
    number = {14},
    pages = {3270--5},
    volume = {19},
    url = {http://www.ncbi.nlm.nih.gov/pubmed/6250559},
    issn = {0006-2960},
    pmid = {6250559},
    keywords = {Binding Sites, Cations, Divalent, DNA Nucleotidyltransferases, DNA Nucleotidyltransferases: metabolism, Diphosphates, Immune Sera, Immunoassay, Kinetics, Sulfhydryl Reagents, Sulfhydryl Reagents: pharmacology}
}