@misc{Wostemeyer2014,
    title = {{What is the minimum DNA quantity (ng) required to visualize DNA on Agarose gel?}},
    year = {2014},
    author = {Wostemeyer, Johannes},
    url = {https://www.researchgate.net/post/What_is_the_minimum_DNA_quantity_ng_required_to_visualize_DNA_on_Agarose_gel}
}

@misc{ThermoScientific2016,
    title = {{Product Information: Terminal Deoxynucleotidyl Transferase}},
    year = {2016},
    author = {Man, Pub No},
    volume = {MAN0013724},
    publisher = {Thermofisher},
    url = {https://tools.thermofisher.com/content/sfs/manuals/MAN0013724_Terminal_Deoxynucleotidyl_Transferase_UG.pdf}
}

@techreport{Invitrogen2002,
    title = {{Terminal Deoxynucleotidyl Transferase, Recombinant Technical Bulletin 8008-1}},
    year = {2002},
    author = {{Invitrogen}},
    doi = {10.1016/S1874-6047(08)60137-7},
    issn = {1874-6047}
}